<record><leader>00000cas a22000007a 4500</leader><controlfield tag="001">22600721</controlfield><controlfield tag="008">901029d19031987couwr ne      0    0eng d</controlfield><datafield ind1=" " ind2=" " tag="010"><subfield code="a">sn 90051856 </subfield></datafield><datafield ind1=" " ind2=" " tag="040"><subfield code="a">CNQ</subfield><subfield code="b">eng</subfield><subfield code="c">CNQ</subfield><subfield code="d">OCLCQ</subfield></datafield><datafield ind1=" " ind2=" " tag="042"><subfield code="a">msc</subfield></datafield><datafield ind1="0" ind2="4" tag="245"><subfield code="a">The Palisade tribune.</subfield></datafield><datafield ind1=" " ind2=" " tag="260"><subfield code="a">Palisade, Mesa County, Colo. :</subfield><subfield code="b">Clinton H. Martin</subfield></datafield><datafield ind1=" " ind2=" " tag="300"><subfield code="a">v.</subfield></datafield><datafield ind1=" " ind2=" " tag="310"><subfield code="a">Weekly</subfield></datafield><datafield ind1="0" ind2=" " tag="362"><subfield code="a">Vol. 1, no. 1 (June 6, 1903)-v. 85, no. 41 (Oct. 8, 1987).</subfield></datafield><datafield ind1=" " ind2=" " tag="530"><subfield code="a">Available on microfilm from the Colorado Historical Society.</subfield></datafield><datafield ind1=" " ind2=" " tag="752"><subfield code="a">United States</subfield><subfield code="b">Colorado</subfield><subfield code="c">Mesa</subfield><subfield code="d">Palisade.</subfield></datafield><datafield ind1="0" ind2="0" tag="785"><subfield code="t">Palisade tribune and valley report</subfield><subfield code="w">(DLC)sn 91052152</subfield></datafield></record>